@misc{engadget_insomniac,
  title        = {{Insomniac Games hackers leak 1.3 million files after demanding \$2 million ransom}},
  howpublished = {\url{https://www.engadget.com/insomniac-games-hackers-leak-13-million-files-after-demanding-2-million-ransom-102134429.html}},
  note         = {Accessed: 2024-03-09},
  year         = 2023,
  author       = {Sarah Fielding}
}

@misc{tecnoblog_insomniac,
  title        = {{Após ameaça, grupo hacker divulga dados da Insomniac Games}},
  howpublished = {\url{https://tecnoblog.net/noticias/apos-ameaca-grupo-hacker-divulga-dados-da-insomniac-games/}},
  note         = {Accessed: 2024-03-09},
  year         = 2023,
  author       = {Felipe Freitas}
}

@misc{polygon_insomniac,
  title        = {{Insomniac Games, Sony hack, Marvel Wolverine}},
  howpublished = {\url{https://www.polygon.com/23998399/insomniac-games-sony-hack-marvel-wolverine}},
  note         = {Accessed: 2024-03-09},
  year         = 2023,
  author       = {Nicole Carpenter}
}

@misc{ign_insomniac,
  title        = {{Insomniac hackers release stolen data: Leak Wolverine videos, future projects, and more}},
  howpublished = {\url{https://www.ign.com/articles/insomniac-hackers-release-stolen-data-leak-wolverine-videos-future-projects-and-more}},
  note         = {Accessed: 2024-03-09},
  year         = 2023,
  author       = {Wesley Yin-Poole}
}

@misc{csoonline_antiphishing,
  title        = {{9 top anti-phishing tools and services}},
  howpublished = {\url{https://www.csoonline.com/article/569867/9-top-anti-phishing-tools-and-services.html}},
  note         = {Accessed: 2024-03-09},
  year         = 2023
}

@misc{cisa_advisory,
  title        = {{Cybersecurity Advisory AA23-319A}},
  howpublished = {\url{https://www.cisa.gov/news-events/cybersecurity-advisories/aa23-319a}},
  note         = {Accessed: 2024-03-09},
  year         = 2023,
  author       = {CISA}
}
